@book{Blaauw1965,
    editor = {A. Blaauw and M. Schmidt},
    title = {Galactic Structure},
    address = {Chicago},
    publisher = {University of Chicago Press},
    year = 1965
}
@article{Bok1977,
    author = {B. J. Bok},
    journal = {Publ. Astron. Soc. Pacific},
    year = 1977,
    volume = 89,
    pages = 597
}
@phdthesis{Bosma1978,
    author = {A. Bosma},
    university = {University of Groningen, Netherlands},
    year = 1978
}
@article{Burke1957,
    author = {B. F. Burke},
    journal = {Astron. J.},
    year = 1957,
    volume = 62,
    pages = 90
}
@article{Burton1970,
    author = {W. B. Burton},
    journal = {Astron. and Astrophys.},
    year = 1970,
    volume = 10,
    pages = 76
}
@article{Burton1972,
    author = {W. B. Burton},
    journal = {Astron. and Astrophys.},
    year = 1972,
    volume = 19,
    pages = 51
}
@article{Burton1976,
    author = {W. B. Burton},
    journal = {Ann. Rev. Astron. and Astrophys.},
    year = 1976,
    volume = 14,
    pages = 275
}
@article{Burton1978,
    author = {W. B. Burton and M. A. Gordon},
    journal = {Astron. and Astrophys.},
    year = 1978,
    volume = 63,
    pages = 7
}
@book{Chiu1970,
    editor = {H.-Y. Chiu and A. Muriel},
    title = {Galactic Astronomy},
    year = 1970,
    address = {New York},
    publisher = {Gordon and Breach}
}
@article{Cohen1976,
    author = {R. J. Cohen and R. D. Davies},
    journal = {Mon. Not. Roy. Astron. Soc.},
    year = 1976,
    volume = 175,
    pages = 1
}
@article{Dickman1978,
    author = {R. L. Dickman},
    journal = {Astrophys. J. Supp.},
    year = 1978,
    volume = 37,
    pages = 407
}
@article{Emerson1978,
    author = {D. T. Emerson},
    journal = {Astron. and Astrophys.},
    year = 1978,
    volume = 63,
    pages = {L29},
}
@proceedings{Fichtel1977,
    editor = {C. E. Fichtel and F. W. Stecker},
    title = {The Structure and Content of the Galaxy and Galactic Gamma Rays},
    address = {Washington, D.C.},
    publisher = {NASA},
    year = 1977
} 
