@article{Rayleigh1892,
    author = {Strutt, John William},
    journal = {Philosophical Magazine},
    nameaddon = {3rd Baron Rayleigh},
    pages = {481-502},
    shortauthor = {Rayleigh},
    title = {On the influence of obstacles arranged in rectangular order upon the properties of a medium},
    volume = {34},
    year = {1892}
}
