@Article{refA,
  title = {Can quantum-mechanical description of physical reality be considered complete?},
  author = {A. Einstein and B. Podolsky and N. Rosen},
  journal = {Phys.\ Rev.},
  volume = {47},
  year = {1935},
  pages = {777--780}
}

@Book{refB,
  title = {Probability Theory: The Logic of Science},
  year = {2003},
  author = {E. T. Jaynes},
  publisher = {Cambridge University Press}
}

@Incollection{refC,
  title = {On the present status of the radiation problem},
  author = {Albert Einstein},
  booktitle = {The Collected Papers of Albert Einstein},
  publisher = {Princeton University Press},
  year = {1989},
  pages = {357--375},
  volume = {2}
}

@Mastersthesis{refD,
  title = {Optical aberration coefficients},
  author = {Matthew Peter Rimmer},
  school = {University of Rochester},
  year = {1963}
}

@Phdthesis{refBOLD,
  title = {On the theory of quanta},
  author = {Louis-Victor de Broglie},
  school = {University of Paris},
  year = {1925}
}
