@article{Abrahams1986,
  title = {Scaling description of the dielectric function near the mobility edge},
  author = {Abrahams, Elihu and Lee, P. A.},
  journal = {Phys. Rev. B},
  volume = {33},
  issue = {2},
  pages = {683--689},
  year = {1986},
  month = {1},
  publisher = {American Physical Society},
  url = {http://link.aps.org/doi/10.1103/PhysRevB.33.683}
}

@book{Nakayama2003,
  title = {Fractal Concepts in Condensed Matter Physics},
  series = {Springer Series in Solid-State Sciences},
  volume = {140},
  author = {Nakayama, Tsuneyoshi and Yakubo, Kousuke},
  address = {New York},
  publisher = {Springer},
  issn = {0171-1873},
  year = {2003}
}

@article{Chalker1988,
  title = {Scaling, diffusion, and the integer quantized Hall effect},
  author = {Chalker, J. T. and Daniell, G. J.},
  journal = {Phys. Rev. Lett.},
  volume = {61},
  issue = {5},
  pages = {593--596},
  year = {1988},
  month = {8},
  publisher = {American Physical Society},
  url = {http://link.aps.org/doi/10.1103/PhysRevLett.61.593}
}

@article{Chalker1990,
  journal = {Physica A: Statistical Mechanics and its Applications},
  volume = {167}, 
  issue = {1},
  month = {8},
  year = {1990},
  day = {1},
  pages = {253-258},
  title = {Scaling and eigenfunction correlations near a mobility edge},
  author = {J. T. Chalker}
}

@article{Pook1991,
  year = {1991},
  issn = {0722-3277},
  journal = {Zeitschrift für Physik B Condensed Matter},
  volume = {82},
  number = {2},
  title = {Multifractality and scaling in disordered mesoscopic systems},
  url = {http://dx.doi.org/10.1007/BF01324339},
  publisher = {Springer-Verlag},
  author = {Pook, Werner and Janßen, Martin},
  pages = {295-298}
}
