@newsarticle{test1,
  title = {Ideas \& trends; politics of the web: {Meet}, greet, segregate, meet again},
  url = {http://www.nytimes.com/2004/01/25/weekinreview/ideas-trends-politics-of-the-web-meet-greet-segregate-meet-again.html},
  urldate = {2014-01-14},
  journal = {New York Times},
  author = {Harmon, Amy},
  day = {1},
  month = jan,
  year = {2004}
}

@article{test2,
  title = {Social movement networks virtual and real},
  volume = {3},
  issn = {1369-118X},
  url = {http://www.tandfonline.com/doi/abs/10.1080/13691180051033333},
  doi = {10.1080/13691180051033333},
  number = {3},
  urldate = {2013-05-31},
  journal = {Information, Communication \& Society},
  author = {Diani, Mario},
  month = jan,
  year = {2000},
  pages = {386--401}
}