@BOOK{ko,
   title = {Wissenschaftlich schreiben leicht gemacht},
   publisher = {Haupt},
   year = {2011},
   author = {Kornmeier, M.},
   number = {3154},
   series = {UTB},
   address = {Bern},
   edition = {4},
   subtitle = {für Bachelor, Master und Dissertation}
}

@BOOK{nial,
   title = {Wissenschaftliche Arbeiten schreiben mit Word 2010},
   publisher = {Addison Wesley},
   year = {2011},
   author = {Nicol, N. and Albrecht, R.},
   address = {München},
   edition = {7}
}

@ARTICLE{shome,
   author = {Scholz, S. and Menzl, S.},
   title = {Alle Wege führen nach Rom},
   journal = {Medizin Produkte Journal},
   year = {2011},
   volume = {18},
   pages = {243-254},
   subtitle = {ein Vergleich der regulatorischen Anforderungen und Medizinprodukte
   in Europa und den USA},
   issue = {4}
}

@INBOOK{shu,
   author = {Schulz, C.},
   title = {Corporate Finance für den Mittelstand},
   booktitle = {Praxishandbuch Firmenkundengeschäft},
   year = {2010},
   editor = {Hilse, J. and Netzel, W and Simmert, D.B.},
   booksubtitle = {Geschäftsfelder Risikomanagement Marketing},
   publisher = {Gabler},
   pages = {97-107},
   location = {Wiesbaden}
}