@ARTICLE{Longstaff,
    author = {Francis A. Longstaff and Eduardo S. Schwartz},
    title = {Valuing American options by simulation: A simple least-squares approach},
    journal = {Review of Financial Studies},
    year = {2001},
    pages = {113--147},
}

@ARTICLE{Quant,
    author = {Appropriate Software Foundation},
    title = {Quant},
    journal = {Python Package Index},
    year = {2011},
    number = {http://pypi.python.org/pypi/quant}
}

@ARTICLE{DomainModel,
    author = {Appropriate Software Foundation},
    title = {Domain Model},
    journal = {Python Package Index},
    year = {2011},
    number = {http://pypi.python.org/pypi/domainmodel}
}

@ARTICLE{SciPy,
    author = {The SciPy Community},
    title = {SciPy},
    journal = {SciPy Website},
    year = {2011},
    number = {http://www.scipy.org}
}
