@ITALIAN_NAME_SEPARATOR{italian_name_separator,
  title = {Intorno alle strie degli spettri stellari},
  journal = {Il Nuovo Cimento},
  author = {G. B. Donati e G. B. Amici},
  volume = {15},
  year = {1862},
  entrykey = {italian_name_separator},
  pages = {292--304}
}

