@italian_name_separator{italian_name_separator,
  title = {Intorno alle strie degli spettri stellari},
  author = {G. B. Donati e G. B. Amici},
  journal = {Il Nuovo Cimento},
  volume = {15},
  year = {1862},
  pages = {292--304}
}
