@book{caesar,
  title = {Commentarii de Bello Gallico},
  englishtitle = {Commentaries on the Gallic War},
  language = {Latin},
  author = {Gaius Julius Caesar},
  year = -45
}

@dialogue{cicero,
  title = {De re publica},
  englishtitle = {On the republic},
  language = {Latin},
  author = {Marcus Tullius Cicero},
  year = -51
}

@book{aurelius,
  title = {Τὰ εἰς ἑαυτόν},
  englishtitle = {Meditations},
  language = {Greek},
  writer = {Marcus Aurelius},
  year = 180
}

@book{tacitus,
  title = {Ab Excessu divi Augusti},
  englishtitle = {Annals of Imperial Rome},
  language = {Latin},
  writer = {Publius Cornelius Tacitus},
  year = 117
}

@article{stewart,
  title = {Interview with Walter Stewart},
  author = {Doug Stewart},
  journal = {Omni},
  year = {1989},
  volume = {11},
  number = {5},
  pages = {64--66, 87--92, 94}
}

%% This example entry was downloaded from http://tex.stackexchange.com/questions/28010/how-to-create-multilingual-english-japanese-bibliographies-with-biblatex-bib
%% I fixed a couple of typos from the original, and modified the field names.
@collection{柳田1974,
  address_ja = {京都},
  address_en = {Kyōto},
  editor_ja = {柳田 聖山},
  editor_en = {Seizan Yanagida},
  publisher_ja = {中文出版社},
  publisher = {Chūbun shuppansha},
  title_ja = {禪學叢書},
  title_romaji = {Zengaku sōsho},
  title_en = {Collected Materials for the Study of Zen},
  volume = {10},
  year = {1974-1977}
}

%% Add an another entry for use in a multilingual template, so that a user can switch between languages using an option keyword.
@COLLECTION{Tsuruta2006,
  address_ja = {東京},
  address_en = {T{\=o}ky{\=o}},
  author_ja = {鶴田　匡夫},
  author_en = {Tadao Tsuruta},
  publisher_ja = {新技術コミュニケーションズ},
  publisher_en = {Shin'gijutsu Communications},
  title_ja = {光の鉛筆},
  title_romaji = {Hikari no empitsu},
  title_en = {Pencil of light},
  volume = 7,
  year = 2006
}

@本{漱石1906,
  題名 = {草枕},
  著者名 = {夏目 漱石},
  年 = 1906,
  year = 1906
}


