% BibTeX Database for George K. Thiruvathukal


@inproceedings{icpp-mpi-atomicity,
author = {Wei-keng Liao and Alok Choudhary and Kenin Coloma and George K. Thiruvathukal and Lee Ward and Eric Russell and Neil Pundit},
booktitle = {International Conference on Parallel Processing},
date-added = {2005-08-06 19:13:38 -0500},
date-modified = {2005-08-06 19:15:25 -0500},
title = {{Scalable Implementations of MPI Atomicity for Concurrent Overlapping I/O}},
year = {2003}}

@article{cise-sciprog-xml,
author = {George K. Thiruvathukal and Konstantin L{\"a}ufer},
date-added = {2005-08-06 19:06:26 -0500},
date-modified = {2005-08-06 19:07:56 -0500},
journal = {Computing in Science and Engineering},
month = {March/April},
number = {2},
pages = {86-92},
title = {{Natural XML for Data Binding, Processing, and Persistence}},
volume = {6},
year = {2004}}

@article{cise-sciprog-plone,
author = {George K. Thiruvathukal and Konstantin L{\"a}ufer},
date-added = {2005-08-06 19:03:55 -0500},
date-modified = {2005-08-06 19:04:53 -0500},
journal = {Computing in Science and Engineering},
month = {July/August},
number = {4},
pages = {88-95},
title = {{Plone and Content Management}},
volume = {6},
year = {2004}}

@article{cise-cluster-special,
author = {George K. Thiruvathukal},
date-added = {2005-08-06 18:58:19 -0500},
date-modified = {2005-08-06 18:59:31 -0500},
journal = {Computing in Science and Engineering},
month = {March/April},
number = {2},
pages = {11-13},
title = {{Guest Editor's Introduction: Cluster Computing}},
volume = {7},
year = {2005}}

@article{cise-sciprog-gentoo,
author = {George K. Thiruvathukal},
date-added = {2005-08-06 18:30:50 -0500},
date-modified = {2005-08-06 18:36:19 -0500},
journal = {Computing in Science and Engineering},
month = {September/October},
number = {5},
pages = {66-74},
title = {{Gentoo Linux: The Next Generation of Linux}},
volume = {6},
year = {2004}}

@inproceedings{lucid-ipps,
author = {G. K. Thiruvathukal and T. W. Christopher},
booktitle = {IEEE International Parallel Processing Symposium},
title = {{A Simulation of Demand-Driven Dataflow: Translation of Lucid into MDC Language}},
year = {1991}}

@manual{SunJDCInterview,
address = {http://developer.java.sun.com/developer/community/chat/JavaLive/index.html},
author = {George K. Thiruvathukal and Thomas W. Christopher},
date-modified = {2005-08-08 17:20:21 -0500},
organization = {Sun Developer Connection},
title = {{Threading and Concurrency in the Java Platform}}}

@book{hpjpc-book,
address = {Upper Saddle Ridge, NJ},
author = {Thomas W. Christopher and George K. Thiruvathukal},
publisher = {Prentice Hall PTR},
title = {High Performance Java Platform Computing},
year = {2000}}

@book{wpp-book,
address = {Upper Saddle Ridge, NJ},
author = {George K. Thiruvathukal and John P. Shafaee and Thomas W. Christopher},
publisher = {Prentice Hall PTR},
title = {Web Programming in Python: Techniques for Integrating Linux, Apache Web Server, and MySQL},
year = {2001}}

@inproceedings{cn-ics,
author = {George K. Thiruvathukal and Brian Cameron and Luiz Oliveira and John Shafaee},
booktitle = {International Conference on Supercomputing (ICS), Workshop on Java},
date-modified = {2005-08-08 17:21:28 -0500},
title = {{Invited Talk: The Computational Neighborhood}},
year = {1999}}

@inproceedings{mdms-hpcasia,
author = {X. Shen and G. K. Thiruvathukal and W. Liao and A. Choudhary and A. Singh},
booktitle = {High Performance Computing Asia},
title = {{A Java Graphical User Interface for Large-Scale Scientific Computations in Distributed Systems}},
year = {2000}}

@inproceedings{mdms-ics,
author = {X. Shen and W. Liao and A. Choudhary and G. Memik and M. Kandemir and S. More and G. Thiruvathukal and A. Singh},
booktitle = {International Conference on Supercomputing (ICS)},
title = {{A Novel Application Development Environment for Large-Scale Scientific Computations}},
year = {1999}}

@article{javanow-cpe,
author = {George K. Thiruvathukal and Phil M. Dickens and Shahzad Bhatti},
date-modified = {2005-08-08 17:26:42 -0500},
journal = {Concurrency: Practice and Experience},
month = {November},
number = {13},
pages = {1093-1116},
title = {{Java on Networks of Workstations (JavaNOW): A Parallel Computing Framework Inspired by Linda and the Message Passing Interface}},
volume = {12},
year = {2000}}

@inproceedings{gmf-icast,
author = {William T. O'Connell and George K. Thiruvathukal and Thomas W. Christopher},
booktitle = {International Conference on Advance Science and Technology 1994 (ICAST 1994), AT\&T Bell Laboratories},
date-modified = {2005-08-08 17:23:26 -0500},
title = {{A Generic Modeling Framework for Heterogeneous Parallel and Distributed Computing}},
year = {1994}}

@inproceedings{memo-icpp,
author = {William T. O'Connell and George K. Thiruvathukal and Thomas W. Christopher},
booktitle = {International Conference on Parallel Processing},
date-modified = {2005-08-08 17:25:17 -0500},
title = {{Memo: An Environment to Support Heterogeneous Parallel and Distributed Processing}},
year = {1994}}

@inproceedings{dmemo-ismm-iasted,
author = {William T. O'Connell and George K. Thiruvathukal and Thomas W. Christopher},
booktitle = {Sixth ISMM/IASTED Conference on Parallel and Distributed Computing Systems},
date-modified = {2005-08-08 17:25:31 -0500},
title = {{Distributed Memo: Heterogeneously Distributed Directories of Unordered Queues}},
year = {1994}}

@inproceedings{enhanced-actors-hipc,
author = {George K. Thiruvathukal},
booktitle = {First International Workshop on Parallel Processing (now HiPC India)},
date-modified = {2005-08-08 17:17:11 -0500},
title = {{Toward Scalable Parallel Software: An Active Object Model and Library for Parallel Processing}},
year = {1994}}

@inproceedings{dmemo-ijmm-journal,
author = {William T. O'Connell and George K. Thiruvathukal and Thomas W. Christopher},
booktitle = {International journal of Mini and Microcomputers},
date-modified = {2005-08-08 17:25:47 -0500},
title = {{Distributed Memo: Heterogeneously Distributed Directories of Unordered Queues}},
year = {1997}}

@article{nexus-java-cpe,
author = {Ian T. Foster and George K. Thiruvathukal and Steve Tuecke},
date-modified = {2005-08-08 17:21:51 -0500},
journal = {Concurrency: Practice and Experience},
month = {June},
title = {{Technologies for Ubiquitous Supercomputing: A Java Interface to the Nexus Communication system}},
year = {1997}}

@article{nexus-mpi-jpdc,
author = {Ian T. Foster and Jonathan Geisler and William Gropp and Nick Karonis and Ewing Lusk and George K. Thiruvathukal and Steve Tuecke},
date-modified = {2005-08-08 17:27:49 -0500},
journal = {Parallel Computing},
number = {12},
pages = {1735-1749},
title = {{A Wide-Area Implementation of the Message Passing Interface}},
volume = {24},
year = {1998}}

@inproceedings{rrmi-java-grande,
author = {George K. Thiruvathukal and Lovely S. Thomas and Andy T. Korczynski},
booktitle = {ACM Java Grande},
date-modified = {2005-08-08 17:28:28 -0500},
month = {February},
title = {{Reflective Remote Method Invocation}},
year = {1998}}

@article{rrmi-cpe,
author = {George K. Thiruvathukal and Lovely S. Thomas and Andy T. Korczynski},
booktitle = {ACM Java Grande},
date-modified = {2005-08-08 17:28:15 -0500},
journal = {Concurrency: Practice and Experience},
month = {???},
title = {{Reflective Remote Method Invocation}},
year = {1998}}

@article{globus-telemedicine,
author = {I.T. Foster and G. Laszewski and G. K. Thiruvathukal and B. Toonen},
Editor = {A. Marsh},
journal = {Future Generation Computer Systems},
pages = {109-123},
publisher = {Elsevier Press},
title = {{Computational Framework for Telemedicine}},
volume = {14},
year = {1998}}

@article{cise-sciprog-java,
author = {George K. Thiruvathukal},
date-modified = {2005-08-06 19:29:40 -0500},
journal = {IEEE Computing in Science and Engineering},
month = {January},
title = {{The Middle Ages: Enabling Java for Computational Science}},
year = {2002}}

@manual{jgf-report,
address = {http://www.javagrande.org},
title = {Java Grande Forum Report: Making Java Work for High-End Computing}}

@manual{apt-toolkit,
address = {http://www.sourceforge.net/projects/apt},
author = {George K. Thiruvathukal and Ufuk Verun and Russ Fuja and Terrance Curry},
date-modified = {2005-08-08 17:22:58 -0500},
title = {Apt Compiler Toolkit}}

@article{cise-sciprog-xmlcs,
author = {George K. Thiruvathukal},
date-modified = {2005-08-06 19:11:28 -0500},
journal = {Computing in Science and Engineering},
month = {January/February},
number = {1},
pages = {74-80},
title = {{XML in Computational Science}},
volume = {6},
year = {2004}}

@inproceedings{now,
author = {T. E. Anderson and D. E. Culler and D. A. Patterson},
booktitle = {IEEE Micro},
month = {February},
title = {A case for NOW},
year = {1995}}

@inproceedings{web-computing,
author = {Z. Chen and K. Maly and P. Mehrotra and R. K. Vangala and M. Zubair},
booktitle = {ACM Workshop on Java for Science and Engineering Computation},
month = {June},
title = {Web Based Framework for Distributed Computing},
year = {1997}}

@manual{javaspaces-spec,
address = {http://java.sun.com/products/javaspaces},
title = {JavaSpaces Specification}}

@manual{jini-spec,
address = {http://java.sun.com/jini},
title = {Jini Specification}}

@manual{omg,
address = {http://www.omg.org},
title = {Object Management Group}}

@manual{java-rmi-spec,
address = {http://www.sun.com/rmi?},
title = {Java Distributed Systems Home Page}}

@manual{microsoft-msdn,
address = {http://msdn.microsoft.com},
title = {Microsoft Developer Network Online Documentation}}

@book{mpi2,
address = {Cambridge, MA},
author = {W. Gropp and E. Lusk and R. Thakur},
publisher = {The MIT Press},
title = {Using MPI-2: Advanced Features of the Message-Passing Interface},
year = {1999}}

@book{ldap,
address = {Indianapolis, IN},
author = {T. Howes and M. Smith},
publisher = {Macmillan},
title = {LDAP: Programming Directory-Enabled Applications with Lightweight Directory Access Protocol},
year = {1997}}

@book{java-nutshell,
address = {Sebastopol, CA},
author = {D. Flanagan},
publisher = {O'Reilly and Associates},
title = {Java in a Nutshell},
year = {1997}}

@book{java-enterprise-nutshell,
address = {Sebastopol, CA},
author = {D. Flanagan and J. Farley and W. Crawford and K. Magnusson},
publisher = {O'Reilly and Associates},
title = {Java Enterprise In a Nutshell},
year = {1999}}

@inproceedings{mpio,
author = {P. Corbett and D. Fietelson and S. Fineberg and Y. Hsu and B. Nitzberg and J. Prost and M. Snir and B. Traversat and P. Wong},
booktitle = {Third Workshop on I/O in Parallel and Distributed Systems, International Parallel Processing Symposium},
month = {April},
title = {Overview of the MPI-IO Parallel I/O Interface},
year = {1995}}

@inproceedings{april,
author = {G. Memik and M. Kandemir and A. Choudhary},
booktitle = {NASA Goddard Conference on Mass Storage Systems and Technologies to be held with IEEE Symposium on Mass Storage Systems},
month = {March},
title = {APRIL: A Run-Time Library for Tape Resident Data},
year = {2000}}

@inproceedings{shen_icpp,
author = {X. Shen and A. Choudhary},
booktitle = {submitted to International Conference on Parallel Processing},
title = {I/O Optimization and Evaluation for Tertiary Storage Systems},
year = {2000}}

@inproceedings{ics00,
author = {X. Shen and W. Liao and A. Choudhary and G. Memik and M. Kandemir and S. More and G. Thiruvathukal and A. Singh},
booktitle = {International Conference on Supercomputing},
month = {May},
title = {A Novel Application Development Environment for Large-Scale Scientific Computations},
year = {2000}}

@manual{mdms_home,
address = {http://www.ece.northwestern.edu/~wkliao/MDMS},
title = {MDMS Project Home Page}}

@manual{unicore,
address = {http://www.fz-juelich.de/unicore},
title = {UNICORE Project Page}}

@manual{condor,
address = {http://www.cs.wisc.edu/condor/},
title = {Condor Project}}

@manual{java-beans,
address = {http://www.javasoft.com/beans},
title = {Java Beans}}

@manual{java-ejb,
address = {http://www.javasoft.com/j2ee},
title = {Enterprise Java Beans}}

@manual{linda-tutorial,
address = {http://www.sca.com?},
title = {The Linda Tutorial}}

@manual{jdbc,
address = {http://java.sun.com/products/jdbc},
title = {JDBC Home Page}}

@manual{mysql,
address = {http://www.mysql.com},
title = {MySQL Database Home Page}}

@manual{astro3d,
address = {http://astro.uchicago.edu/Computing/On\_Line/cfd95/camelse.html},
author = {A. Malagoli and A. Dubey and F. Cattaneo},
title = {A Portable and Efficient Parallel Code for Astrophysical Fluid Dynamics}}

@manual{piofs,
address = {http://www.rs6000.ibm.com/software/sp\_products/piofs.html},
organization = {IBM},
title = {RS/6000 SP Software: Parallel I/O File System},
year = {1996}}

@manual{hdf,
address = {http://hdf.ncsa.uiuc.edu/},
title = {Hierarchical Data Format (HDF)}}

@manual{netcdf,
address = {http://www.unidata.ucar.edu/packages/netcdf/},
title = {Network Common Data Form (netCDF)}}

@manual{xml,
address = {http://www.w3.org/XML/},
organization = {World Wide Web Consortium (W3C)},
title = {Extensible Markup Language (XML)}}

@manual{mpi,
address = {http://www.mpi-forum.org/},
title = {Message Passing Interface (MPI)}}

@manual{WebCITEP,
address = {http://content.cs.luc.edu/citep},
author = {Linda Salchenberger and Chandra N. Sekharan and George K. Thiruvathukal},
title = {Community Information Technology Enterprise Project}}

@manual{WebCPDC,
address = {http://content.cs.luc.edu/cpdc},
author = {George K. Thiruvathukal and Konstantin L{\"a}ufer},
title = {Loyola Concurrent, Parallel, and Distributed Computing Research Group}}

@manual{WebWirelessLab,
address = {http://cluster.cs.luc.edu/~wirelesslab},
author = {Konstantin L{\"a}ufer and George K. Thiruvathukal},
title = {Handheld/Wireless Language Teaching Tools}}

@article{jones,
author = {M. Jones and C. Berkley and J. Bojilova and M. Schildhauer},
journal = {IEEE Internet Computing},
month = {Sep. Oct.},
pages = {59-68},
title = {Managing Scientific Metadata},
year = {2001}}

@article{bourret,
address = {http://www.rpbourret.com/xml/XMLAndDatabases.htm},
author = {R. Bourret},
journal = {Technical report, Technical University, Darmstadt},
title = {XML and Databases},
year = {2000}}

@article{bertino,
author = {E. Bertino and B. Catania},
journal = {IEEE Internet Computing},
month = {Jul. Aug.},
pages = {84-88},
title = {Integrating XML and Databases},
year = {2001}}

@techreport{nimkathana-data-mining,
author = {Alok N. Choudhary and George K. Thiruvathukal},
date-added = {2005-08-06 19:40:30 -0500},
date-modified = {2005-08-06 19:41:23 -0500},
institution = {Nimkathana Corproation},
title = {{Cluster Based Repositories and Analysis}},
year = {2003}}

@techreport{nimkathana-humint,
author = {George K. Thiruvathukal},
date-added = {2005-08-06 19:40:30 -0500},
date-modified = {2005-08-`06 19:41:23 -0500},
institution = {Nimkathana Corproation},
title = {{Ad Hoc Human Interaction Networks}},
year = {2004}}